@Article{allen:1985,
  author = {Myron B. {Allen III}},
  title = {{Numerical modelling of multiphase flow in porous media}},
  journal = {Adv. Water Resources},
  volume = {8},
  pages = {162--187},
  year = {1985}
}